<?xml version="1.0" encoding="UTF-8"?><record xmlns="http://www.loc.gov/MARC21/slim" xmlns:cinclude="http://apache.org/cocoon/include/1.0" xmlns:zs="http://www.loc.gov/zing/srw/">
  <leader>00507cz  a2200145n  4500</leader>
  <controlfield tag="001">n  50034684 </controlfield>
  <controlfield tag="003">DLC</controlfield>
  <controlfield tag="005">20090219075128.0</controlfield>
  <controlfield tag="008">800721n| acannaabn          |n aaa      </controlfield>
  <datafield tag="010" ind1=" " ind2=" ">
    <subfield code="a">n  50034684 </subfield>
  </datafield>
  <datafield tag="035" ind1=" " ind2=" ">
    <subfield code="a">(OCoLC)oca00070007</subfield>
  </datafield>
  <datafield tag="040" ind1=" " ind2=" ">
    <subfield code="a">DLC</subfield>
    <subfield code="b">eng</subfield>
    <subfield code="c">DLC</subfield>
    <subfield code="d">OCoLC</subfield>
  </datafield>
  <datafield tag="100" ind1="1" ind2=" ">
    <subfield code="a">Laurent, Marcel</subfield>
  </datafield>
  <datafield tag="670" ind1=" " ind2=" ">
    <subfield code="a">Bouscayrol, R.</subfield>
    <subfield code="b">Les Perdrix d'Amable Faucon, 1966.</subfield>
  </datafield>
  <datafield tag="670" ind1=" " ind2=" ">
    <subfield code="a">His Jean Soanen (1647-1740), ou, La vie religieuse aĚ Riom, c1982:</subfield>
    <subfield code="b">t.p. (Marcel Laurent) p. 4 of cover (b. 1912, Vinzelles (Puy-de-DoĚme))</subfield>
  </datafield>
</record>